<?xml version="1.0" encoding="UTF-8"?><collection xmlns="http://www.loc.gov/MARC21/slim"><record><leader>00576nam--2200181-i-4500</leader><controlfield tag="001">000001011</controlfield><controlfield tag="002">20161230</controlfield><controlfield tag="005">20161230201024</controlfield><controlfield tag="008">060222s1000------------r-----000-0-eng-d</controlfield><datafield ind1=" " ind2=" " tag="040"><subfield code="a">IFIN-HH</subfield></datafield><datafield ind1=" " ind2=" " tag="080"><subfield code="a">681.327.57:681.327.68:681.586.73</subfield></datafield><datafield ind1="1" ind2=" " tag="100"><subfield code="a">Herman, G.T</subfield></datafield><datafield ind1="1" ind2="0" tag="245"><subfield code="a">Topics in apllied physics. vol. 32. image reconstruction from projections. implementation and applications</subfield><subfield code="c">G.t. herman (ed.)</subfield></datafield><datafield ind1=" " ind2=" " tag="260"><subfield code="a">Berlin</subfield><subfield code="b">Springer-verlag</subfield><subfield code="c">1979</subfield></datafield><datafield ind1=" " ind2=" " tag="300"><subfield code="a">XII + 284 P</subfield></datafield><datafield ind1=" " ind2=" " tag="490"><subfield code="a">Topics In Apllied Physics, 32</subfield></datafield><datafield ind1=" " ind2=" " tag="852"><subfield code="a">40951</subfield><subfield code="c">53</subfield></datafield><datafield ind1=" " ind2=" " tag="CAT"><subfield code="a">Sys</subfield><subfield code="c">20150318</subfield><subfield code="h">101345</subfield></datafield></record></collection>